
@inproceedings{kennedy1995particle,
  title={Particle swarm optimization},
  author={Kennedy, James and Eberhart, Russell},
  booktitle={Proceedings of ICNN'95-International Conference on Neural Networks},
  volume={4},
  pages={1942--1948},
  year={1995},
  organization={IEEE}
}

@article{huanglei,
   Author = {黄磊},
   Title = {粒子群优化算法综述},
   Journal = {机械工程与自动化},
   Number = {05},
   Pages = {197-199},
   Note = {14-1319/TH},
   Abstract = {首先介绍了PSO的原理及具体实现步骤;然后针对PSO算法在搜索的初期收敛速度很快,但在后期却易于陷入局部最优的缺点,提出了各种改进办法;最后介绍了PSO算法的应用领域以及研究展望。},
   Keywords = {粒子群算法;;综述;;优化},
   Year = {2010} }

@article{zhao,
   Author = {赵乃刚 and 邓景顺},
   Title = {粒子群优化算法综述},
   Journal = {科技创新导报},
   Volume = {12},
   Number = {26},
   Pages = {216-217},
   Note = {11-5640/N},
   Abstract = {粒子群优化算法是一种新的群智能算法。它是受自然界中鸟群、鱼群等生物的群觅食行为的启发提出的。由于该算法结构简单、需要调节的参数少,容易实现,已被很多学者研究并应用到了大量实际问题中。该文详细介绍了粒子群算法的基本原理、主要改进方法和在实际问题中的应用。},
   Keywords = {粒子群优化;;元启发式算法;;参数;;应用},
   Year = {2015} }

@article{wu,
   Author = {吴庆洪 and 张颖 and 马宗民},
   Title = {粒子群优化算法及其应用综述},
   Journal = {微计算机信息},
   Volume = {26},
   Number = {30},
   Pages = {34-35,10},
   DOI = {10.3969/j.issn.2095-6835.2010.30.012},
   Abstract = {群集智能以其独特的优势得到了很多领域学者的关注,其理论和应用得到了很大的发展.作为群集智能的代表方法一,粒子群优化算法 PSO (particle swarm optimization,简称PS0)通过粒子之间的合作与竞争能够实现对多维复杂空间的高效搜索,得到最优解.本文对群集智能中的粒子群优化算法及其应用进行了概括.},
   Keywords = {群集智能; PSO; ACO},
   Year = {2010} }


@inproceedings{shi1998modified,
  title={A modified particle swarm optimizer},
  author={Shi, Yuhui and Eberhart, Russell},
  booktitle={1998 IEEE international conference on evolutionary computation proceedings. IEEE world congress on computational intelligence (Cat. No. 98TH8360)},
  pages={69--73},
  year={1998},
  organization={IEEE}
}

@inproceedings{shi1998parameter,
  title={Parameter selection in particle swarm optimization},
  author={Shi, Yuhui and Eberhart, Russell C},
  booktitle={International conference on evolutionary programming},
  pages={591--600},
  year={1998},
  organization={Springer}
}

@inproceedings{angeline1998evolutionary,
  title={Evolutionary optimization versus particle swarm optimization: Philosophy and performance differences},
  author={Angeline, Peter J},
  booktitle={International Conference on Evolutionary Programming},
  pages={601--610},
  year={1998},
  organization={Springer}
}

@article{clerc2002particle,
  title={The particle swarm-explosion, stability, and convergence in a multidimensional complex space},
  author={Clerc, Maurice and Kennedy, James},
  journal={IEEE transactions on Evolutionary Computation},
  volume={6},
  number={1},
  pages={58--73},
  year={2002},
  publisher={IEEE}
}

@article{zhan2009adaptive,
  title={Adaptive particle swarm optimization},
  author={Zhan, Zhi-Hui and Zhang, Jun and Li, Yun and Chung, Henry Shu-Hung},
  journal={IEEE Transactions on Systems, Man, and Cybernetics, Part B (Cybernetics)},
  volume={39},
  number={6},
  pages={1362--1381},
  year={2009},
  publisher={IEEE}
}

@inproceedings{shi2001particle,
  title={Particle swarm optimization: developments, applications and resources},
  author={Shi, Yuhui and others},
  booktitle={Proceedings of the 2001 congress on evolutionary computation (IEEE Cat. No. 01TH8546)},
  volume={1},
  pages={81--86},
  year={2001},
  organization={IEEE}
}

﻿@Article{TN_wanfang_jourgljtkj201112026,
author={{王非}
and {张佳}
and {孙浩杰}
and {樊根耀}
and Fei, W. A. N. G.
and Jia, Z. H. A. N. G.
and Haojie, S. U. N.
and Genyao, F. A. N.},
title={配送中心选址-库存问题的粒子群算法应用},
journal={公路交通科技},
year={2011},
volume={28},
number={12},
pages={152-158},
keywords={运输经济; 配送中心; 粒子群; 选址; 库存},
abstract={在LMRP模型基础上,从优化角度将配送中心建设成本设为配送中心规模的线性函数,构建基于可变建设成本的LMRP模型.依据选址模型与粒子群算法特性,设计了矩阵粒子作为粒子群启发式算法初始可行解.对已有的10节点、49节点、88节点算例进行近百次测试,确定针对LMRPVCC问题的粒子群算法参数.进而利用平均计算时间与平均质量2种指标对49节点算例进行测试,得到平均计算时间为23 s,满意解比其下界平均高出12.7％的测试结果.},
issn={1002-0268},
doi={10.3969/j.issn.1002-0268.2011.12.026},
url={https://doi.org/10.3969/j.issn.1002-0268.2011.12.026}
}

﻿@Article{TN_informstrsc.37.1.40.12823,
author={Shen, Zuo-Jun Max
and Coullard, Collette
and Daskin, Mark S.},
title={A Joint Location-Inventory Model},
journal={Transportation Science},
year={2003},
volume={37},
number={1},
pages={40-55},
keywords={Engineering; Economics},
abstract={We consider a joint location-inventory problem involving a single supplier and multiple retailers. Associated with each retailer is some variable demand. Due to this variability, some amount of safety stock must be maintained to achieve suitable service levels. However, risk-pooling benefits may be achieved by allowing some retailers to serve as distribution centers (and therefore inventory storage locations) for other retailers. The problem is to determine which retailers should serve as distribution centers and how to allocate the other retailers to the distribution centers. We formulate this problem as a nonlinear integer-programming model. We then restructure this model into a set-covering integer-programming model. The pricing problem that must be solved as part of the column generation algorithm for the set-covering model involves a nonlinear term in the retailerdistribution-center allocation terms. We show that this pricing problem can (theoretically) be solved efficiently, in general, and we show how to solve it practically in two important cases. We present computational results on several instances of sizes ranging from 33 to 150 retailers. In all cases, the lower bound from the linear-programming relaxation to the set-covering model gives the optimal solution.},
issn={0041-1655},
doi={10.1287/trsc.37.1.40.12823},
url={https://doi.org/10.1287/trsc.37.1.40.12823}
}

﻿@Article{TN_springer_jour1020763400324,
author={Daskin, Mark
and Coullard, Collette
and Shen, Zuo-Jun},
title={An Inventory-Location Model: Formulation, Solution Algorithm and Computational Results},
journal={Annals of Operations Research},
year={2002},
address={Dordrecht},
volume={110},
number={1},
pages={83-106},
keywords={Algorithms -- Usage; Business Logistics -- Models; Economies Of Scale -- Research; Inventory Control -- Models; Lagrangian Functions -- Usage},
abstract={We introduce a distribution center (DC) location model that incorporates working inventory and safety stock inventory costs at the distribution centers. In addition, the model incorporates transport costs from the suppliers to the DCs that explicitly reflect economies of scale through the use of a fixed cost term. The model is formulated as a non-linear integer-programming problem. Model properties are outlined. A Lagrangian relaxation solution algorithm is proposed. By exploiting the structure of the problem we can find a low-order polynomial algorithm for the non-linear integer programming problem that must be solved in solving the Lagrangian relaxation subproblems. A number of heuristics are outlined for finding good feasible solutions. In addition, we describe two variable forcing rules that prove to be very effective at forcing candidate sites into and out of the solution. The algorithms are tested on problems with 88 and 150 retailers. Computation times are consistently below one minute and compare favorably with those of an earlier proposed set partitioning approach for this model (Shen, 2000},
issn={0254-5330},
doi={10.1023/A:1020763400324},
url={https://doi.org/10.1023/A:1020763400324}
}


﻿@Article{TN_cqvip668694543,
author={{朱沙}
and {陈臣}},
title={一种求解基数约束投资组合优化的混合粒子群算法},
journal={统计与决策},
year={2016},
number={10},
pages={64-67},
keywords={基数约束投资组合优化; 风险范围理论; 粒子群优化; 极值优化; 混沌变异算子},
abstract={如何有效求解基数约束投资组合优化问题,已成为金融学界近年来一直研究的热点。文章介绍了一种融合极值优化理论的混合粒子群优化算法（简称eo-PSO）,利用极值优化方法（EO）以增强混合算法对搜索空间的挖掘能力,引入混沌变异算子提高粒子群（PSO）的探索能力。通过和其他一些智能计算方法对Markow-itz基数约束投资组合优化目标函数的测试,以及应用风险范围理论的比较分析,结果显示混合粒子群算法具有良好的计算性能,其优化解也更具有效性。},
issn={1002-6487}
}

